@book{DMAIA,
  title={Discrete Mathematics and Its Applications},
  note="Pages 638-641",
  author={Rosen, K.H.},
  isbn={9781260091991},
  edition={Eighth},
  year={2018},
  publisher={McGraw-Hill Education}
}

@book{TAOCP_vol3,
	title={The Art of Computer Programming: Sorting and Searching},
	author={Knuth, D.E.},
	isbn={9780201896855},
	edition={2.},
	year={1998},
	publisher={Addison-Wesley}
}

@book{TAOCP,
	title={The Art of Computer Programming: Combinatorial Algorithms Part 1},
	edition={First},
	author={Knuth, D.E.},
	year={2011},
	publisher={Addison-Wesley}
}

@book{gabrielli,
	title={Programming Languages:Principles and Paradigms},
	edition={First},
	author={Gabbrielli, Maurizio and Martini, Simone},
	year={2010},
	publisher={Springer}
}

@book{anton,
	title={Elementary Linear Algebra},
	edition={11},
	author={Anton, Howard and Rorres, Chris},
	year={2010},
	publisher={Springer}
}


@MISC{graph_slides,
	author = "Daniel Merkle",
	title = "{The Graph-(and the Subgraph)-Isomorphism Problem, the Ullmann Algorithm,and Applications in Chemistry}",
	howpublished = "URL \url{https://dm587.github.io/assets/dm587-Graphs-small.pdf}",
	year = "2020"
}

@MISC{ullman_slides,
	author = "Daniel Merkle",
	title = "Subgraph Isomorphism",
	howpublished = "URL \url{https://dm587.github.io/assets/ullmann.pdf}",
	year = "2020"
}

@MISC{random_polygon,
	author = "Daniel Merkle",
	title = "From Random Polygon to Ellipse",
	howpublished = "URL \url{https://dm587.github.io/assets/dm587-RandomPolygon.pdf}",
	year = "2020"
}

@MISC{eigenfaces,
	author = "Daniel Merkle",
	title = "Principal Component Analysis and Eigenfaces",
	howpublished = "URL \url{https://dm587.github.io/assets/dm587-PCA-Eigenfaces.pdf}",
	year = "2020"
}

@book{stallings,
	title={Computer Organization and Architecture: Designing for Performance},
	edition={10},
	author={Stallings, William},
	year={2016},
	publisher={Pearson}
}